@article{Stavrova2009,
  doi = {10.1142/s1005386709000595},
  url = {https://doi.org/10.1142/s1005386709000595},
  year  = {2009},
  month = {dec},
  publisher = {World Scientific Pub Co Pte Lt},
  volume = {16},
  number = {04},
  pages = {631--648},
  author = {Anastasia Stavrova},
  title = {Normal Structure of Maximal Parabolic Subgroups in Chevalley Groups over Rings},
  journal = {Algebra Colloquium}
}
@incollection{Borel1970,
  doi = {10.1007/bfb0081542},
  url = {https://doi.org/10.1007/bfb0081542},
  year  = {1970},
  publisher = {Springer Berlin Heidelberg},
  pages = {1--55},
  author = {Armand Borel},
  title = {Properties and linear representations of Chevalley groups},
  booktitle = {Lecture Notes in Mathematics}
}
@phdthesis{StepanovDissert,
   language= {russian},
   author  = {Алекскей Степанов},
   title   = {Структурная теория и подгруппы групп Шевалле над кольцами},
   school  = {ЛЭТИ},
   year    = {2014}
}
@article{Plotkin1998,
  doi = {10.1142/s0218196798000053},
  url = {https://doi.org/10.1142/s0218196798000053},
  year  = {1998},
  month = {feb},
  publisher = {World Scientific Pub Co Pte Lt},
  volume = {08},
  number = {01},
  pages = {61--95},
  author = {Eugene Plotkin and Andrei Semenov and Nikolai Vavilov},
  title = {Visual Basic Representations},
  journal = {International Journal of Algebra and Computation}
}
@inproceedings{Conrad11reductivegroup,
    author = {Brian Conrad},
    title = {Reductive group schemes},
    booktitle = {Notes for the {S}{G}{A}3 {S}ummer
  {S}chool},
    year = {2011},
    url = {http://math.stanford.edu/\~{}conrad/papers/luminysga3.pdf}
}
